@article{崔迪2017面向可视化系统设计与开发的嵌套增量模型,
  title={面向可视化系统设计与开发的嵌套增量模型},
  author={崔迪 and 胡万祺 and 郭小燕 and 陈为},
  journal={计算机科学},
  number={6},
  year={2017},
}

@article{梅鸿辉2016一种全球尺度三维大气数据可视化系统,
  title={一种全球尺度三维大气数据可视化系统},
  author={梅鸿辉 and 陈海东 and 肇昕 and 刘昊南 and 朱标 and 陈为},
  journal={软件学报},
  volume={000},
  number={5},
  pages={1140-1150},
  year={2016},
}